<ENVELOPE>
 <HEADER>
  <TALLYREQUEST>Import Data</TALLYREQUEST>
 </HEADER>
 <BODY>
  <IMPORTDATA>
   <REQUESTDESC>
    <REPORTNAME>All Masters</REPORTNAME>
    <STATICVARIABLES>
     <SVCURRENTCOMPANY>Malais World</SVCURRENTCOMPANY>
    </STATICVARIABLES>
   </REQUESTDESC>
   <REQUESTDATA>
    <TALLYMESSAGE xmlns:UDF="TallyUDF">
     <VOUCHER REMOTEID="24242d21-2794-4489-85a5-28cf19c92f9a-00000002"  VCHTYPE="Receipt" ACTION="Alter">
      <OLDAUDITENTRYIDS.LIST TYPE="Number">
       <OLDAUDITENTRYIDS>-1</OLDAUDITENTRYIDS>
      </OLDAUDITENTRYIDS.LIST>
      <ACTIVETO/>
      <ALTEREDON/>
      <DATE>20140401</DATE>
      <LUTDATEOFISSUE/>
      <LUTEXPIRYDATE/>
      <BONDDATEOFISSUE/>
      <BONDEXPIRYDATE/>
      <TAXCHALLANDATE/>
      <RECONCILATIONDATE/>
      <TAXCHEQUEDATE/>
      <FORM16ISSUEDATE/>
      <CSTFORMISSUEDATE/>
      <CSTFORMRECVDATE/>
      <CERTIFICATEDATE/>
      <FBTFROMDATE/>
      <FBTTODATE/>
      <PARTYINVDATE/>
      <INSPDOCDATE/>
      <AUDITEDON/>
      <GUID>24242d21-2794-4489-85a5-28cf19c92f9a-00000002</GUID>
      <VATDEALERTYPE/>
      <PRICELEVEL/>
      <TDSNATUREOFPAYMENT/>
      <AUTOCOSTLEVEL/>
      <NARRATION>Salary Entry</NARRATION>
      <ALTEREDBY/>
      <IMPORTEREXPORTERCODE/>
      <NATUREOFSALES/>
      <EXCISENOTIFICATIONNO/>
      <LUTNUMBER/>
      <BONDNUMBER/>
      <AUTHORITYNAME/>
      <AUTHORITYADDRESS/>
      <EXCISEUNITNAME/>
      <CLASSNAME/>
      <POSCARDLEDGER/>
      <POSCASHLEDGER/>
      <POSGIFTLEDGER/>
      <POSCHEQUELEDGER/>
      <PARTYNAME/>
      <TAXBANKCHALLANNUMBER/>
      <TAXCHALLANBSRCODE/>
      <TAXCHEQUENUMBER/>
      <TAXBANKNAME/>
      <VOUCHERTYPENAME>Receipt</VOUCHERTYPENAME>
      <VOUCHERNUMBER>1</VOUCHERNUMBER>
      <REFERENCE/>
      <PARTYLEDGERNAME>ICICI Bank</PARTYLEDGERNAME>
      <BASICBASEPARTYNAME/>
      <BASICVOUCHERCHEQUENAME/>
      <BASICVOUCHERCROSSCOMMENT/>
      <EXCHGCURRENCYNAME/>
      <SERIALMASTER/>
      <SERIALNUMBER/>
      <STATADJUSTMENTTYPE/>
      <STATPAYMENTTYPE/>
      <CONSIGNEEIECODE/>
      <SUPPLIERIECODE/>
      <ARESERIALMASTER/>
      <ARESERIALNUMBER/>
      <TAXBANKBRANCHNAME/>
      <TAXBANKACCOUNTNUMBER/>
      <TDSSECTIONNO/>
      <TDSDEDNSTATUS/>
      <CSTFORMISSUETYPE/>
      <CSTFORMISSUENUMBER/>
      <CSTFORMRECVTYPE/>
      <CSTFORMRECVNUMBER/>
      <CONSIGNEECSTNUMBER/>
      <BUYERSCSTNUMBER/>
      <CSTFORMISSUESERIESNUM/>
      <CSTFORMRECVSERIESNUM/>
      <EXCISETREASURYNUMBER/>
      <EXCISETREASURYNAME/>
      <CERTIFICATETYPE/>
      <CERTIFICATENUMBER/>
      <AREFORMTYPE/>
      <FBTPAYMENTTYPE>Default</FBTPAYMENTTYPE>
      <POSCARDNUMBER/>
      <POSCHEQUENUMBER/>
      <POSCHEQUEBANKNAME/>
      <TAXADJUSTMENT/>
      <CHALLANTYPE/>
      <CHEQUEDEPOSITORNAME/>
      <EXCISENOTIFICATIONSERIALNO/>
      <PERSISTEDVIEW>Accounting Voucher View</PERSISTEDVIEW>
      <EXCISETARIFFTYPE/>
      <CONSIGNEELBTREGNNO/>
      <CONSIGNEELBTZONE/>
      <SUPPLIERLBTREGNNO/>
      <SUPPLIERLBTZONE/>
      <LBTMAPPEDCATEGORY/>
      <LBTMAPPEDZONE/>
      <LBTNATUREOFLIABILITY/>
      <BASICSHIPPEDBY/>
      <BASICDESTINATIONCOUNTRY/>
      <BASICBUYERNAME/>
      <BASICPLACEOFRECEIPT/>
      <BASICSHIPDOCUMENTNO/>
      <BASICPORTOFLOADING/>
      <BASICPORTOFDISCHARGE/>
      <BASICFINALDESTINATION/>
      <BASICORDERREF/>
      <BASICSHIPVESSELNO/>
      <BASICBUYERSSALESTAXNO/>
      <BASICDUEDATEOFPYMT/>
      <BASICSERIALNUMINPLA/>
      <BASICDATETIMEOFINVOICE/>
      <BASICDATETIMEOFREMOVAL/>
      <BUYERADDRESSTYPE/>
      <PARTYADDRESSTYPE/>
      <MFGRADDRESSTYPE/>
      <VCHGSTCLASS/>
      <COSTCENTRENAME/>
      <ADDITIONALNARRATION/>
      <PARTYINVNO/>
      <INSPDOCNO/>
      <SETTLEMENTTYPE/>
      <VOUCHERTIME/>
      <HOLDREFERENCE/>
      <ENTEREDBY/>
      <REQUESTORRULE/>
      <DIFFACTUALQTY>No</DIFFACTUALQTY>
      <AUDITED>No</AUDITED>
      <FORJOBCOSTING>No</FORJOBCOSTING>
      <ISOPTIONAL>No</ISOPTIONAL>
      <EFFECTIVEDATE>20140401</EFFECTIVEDATE>
      <ISFORJOBWORKIN>No</ISFORJOBWORKIN>
      <ALLOWCONSUMPTION>No</ALLOWCONSUMPTION>
      <USEFORINTEREST>No</USEFORINTEREST>
      <USEFORGAINLOSS>No</USEFORGAINLOSS>
      <USEFORGODOWNTRANSFER>No</USEFORGODOWNTRANSFER>
      <USEFORCOMPOUND>No</USEFORCOMPOUND>
      <ALTERID> 4</ALTERID>
      <EXCISEOPENING>No</EXCISEOPENING>
      <USEFORFINALPRODUCTION>No</USEFORFINALPRODUCTION>
      <ISCANCELLED>No</ISCANCELLED>
      <HASCASHFLOW>Yes</HASCASHFLOW>
      <ISPOSTDATED>No</ISPOSTDATED>
      <USETRACKINGNUMBER>No</USETRACKINGNUMBER>
      <ISINVOICE>No</ISINVOICE>
      <MFGJOURNAL>No</MFGJOURNAL>
      <HASDISCOUNTS>No</HASDISCOUNTS>
      <ASPAYSLIP>No</ASPAYSLIP>
      <ISCOSTCENTRE>No</ISCOSTCENTRE>
      <ISSTXNONREALIZEDVCH>No</ISSTXNONREALIZEDVCH>
      <ISEXCISEMANUFACTURERON>No</ISEXCISEMANUFACTURERON>
      <ISBLANKCHEQUE>No</ISBLANKCHEQUE>
      <ISVOID>No</ISVOID>
      <ISONHOLD>No</ISONHOLD>
      <ISDELETED>No</ISDELETED>
      <ASORIGINAL>No</ASORIGINAL>
      <VCHISFROMSYNC>No</VCHISFROMSYNC>
      <MASTERID> 2</MASTERID>
      <VOUCHERKEY>179224690294800</VOUCHERKEY>
      <BONDAMOUNT/>
      <POSCASHRECEIVED/>
      <EXCHGRATE/>
      <PROCESSINGDURATION/>
      <PREVBOMNAME/>
      <CURBOMNAME/>
      <POSSTAXPARTYLEDGERNAME/>
      <ISATTDDATAPRESERVED/>
      <OLDAUDITENTRIES.LIST>      </OLDAUDITENTRIES.LIST>
      <ACCOUNTAUDITENTRIES.LIST>      </ACCOUNTAUDITENTRIES.LIST>
      <AUDITENTRIES.LIST>      </AUDITENTRIES.LIST>
      <INVOICEDELNOTES.LIST>      </INVOICEDELNOTES.LIST>
      <INVOICEORDERLIST.LIST>      </INVOICEORDERLIST.LIST>
      <INVOICEINDENTLIST.LIST>      </INVOICEINDENTLIST.LIST>
      <ATTENDANCEENTRIES.LIST>      </ATTENDANCEENTRIES.LIST>
      <ORIGINVOICEDETAILS.LIST>      </ORIGINVOICEDETAILS.LIST>
      <INVOICEEXPORTLIST.LIST>      </INVOICEEXPORTLIST.LIST>
      <ALLLEDGERENTRIES.LIST>
       <OLDAUDITENTRYIDS.LIST TYPE="Number">
        <OLDAUDITENTRYIDS>-1</OLDAUDITENTRYIDS>
       </OLDAUDITENTRYIDS.LIST>
       <NARRATION/>
       <ADDLALLOCTYPE/>
       <TAXCLASSIFICATIONNAME/>
       <ROUNDTYPE/>
       <LEDGERNAME>Salary</LEDGERNAME>
       <METHODTYPE/>
       <CLASSRATE/>
       <TDSPARTYNAME/>
       <XBRLADJTYPE/>
       <VOUCHERFBTCATEGORY/>
       <TYPEOFTAXPAYMENT/>
       <GSTCLASS/>
       <STNOTIFICATIONNO/>
       <SCHVIADJTYPE/>
       <POSPAYMENTTYPE/>
       <ISDEEMEDPOSITIVE>No</ISDEEMEDPOSITIVE>
       <LEDGERFROMITEM>No</LEDGERFROMITEM>
       <REMOVEZEROENTRIES>No</REMOVEZEROENTRIES>
       <ISPARTYLEDGER>No</ISPARTYLEDGER>
       <ISLASTDEEMEDPOSITIVE>No</ISLASTDEEMEDPOSITIVE>
       <STCRADJPERCENT>0</STCRADJPERCENT>
       <ROUNDLIMIT>0</ROUNDLIMIT>
       <RATEOFADDLVAT>0</RATEOFADDLVAT>
       <RATEOFCESSONVAT>0</RATEOFCESSONVAT>
       <PREVINVTOTALNUM>0</PREVINVTOTALNUM>
       <AMOUNT>50000.00</AMOUNT>
       <FBTEXEMPTAMOUNT/>
       <VATASSESSABLEVALUE/>
       <PREVAMOUNT/>
       <PREVINVTOTALAMT/>
       <CASHRECEIVED/>
       <DENOMINATIONCOUNT1000X>0</DENOMINATIONCOUNT1000X>
       <DENOMINATIONCOUNT500X>0</DENOMINATIONCOUNT500X>
       <DENOMINATIONCOUNT100X>0</DENOMINATIONCOUNT100X>
       <DENOMINATIONCOUNT50X>0</DENOMINATIONCOUNT50X>
       <DENOMINATIONCOUNT20X>0</DENOMINATIONCOUNT20X>
       <DENOMINATIONCOUNT10X>0</DENOMINATIONCOUNT10X>
       <DENOMINATIONCOUNT5X>0</DENOMINATIONCOUNT5X>
       <DENOMINATIONCOUNT2X>0</DENOMINATIONCOUNT2X>
       <DENOMINATIONCOUNT1X>0</DENOMINATIONCOUNT1X>
       <DENOMINATIONAMOUNTOTHERS/>
       <BANKALLOCATIONS.LIST>       </BANKALLOCATIONS.LIST>
       <BILLALLOCATIONS.LIST>       </BILLALLOCATIONS.LIST>
       <INTERESTCOLLECTION.LIST>       </INTERESTCOLLECTION.LIST>
       <OLDAUDITENTRIES.LIST>       </OLDAUDITENTRIES.LIST>
       <ACCOUNTAUDITENTRIES.LIST>       </ACCOUNTAUDITENTRIES.LIST>
       <AUDITENTRIES.LIST>       </AUDITENTRIES.LIST>
       <TAXBILLALLOCATIONS.LIST>       </TAXBILLALLOCATIONS.LIST>
       <TAXOBJECTALLOCATIONS.LIST>       </TAXOBJECTALLOCATIONS.LIST>
       <TDSEXPENSEALLOCATIONS.LIST>       </TDSEXPENSEALLOCATIONS.LIST>
       <VATSTATUTORYDETAILS.LIST>       </VATSTATUTORYDETAILS.LIST>
       <COSTTRACKALLOCATIONS.LIST>       </COSTTRACKALLOCATIONS.LIST>
      </ALLLEDGERENTRIES.LIST>
      <ALLLEDGERENTRIES.LIST>
       <OLDAUDITENTRYIDS.LIST TYPE="Number">
        <OLDAUDITENTRYIDS>-1</OLDAUDITENTRYIDS>
       </OLDAUDITENTRYIDS.LIST>
       <NARRATION/>
       <ADDLALLOCTYPE/>
       <TAXCLASSIFICATIONNAME/>
       <ROUNDTYPE/>
       <LEDGERNAME>ICICI Bank</LEDGERNAME>
       <METHODTYPE/>
       <CLASSRATE/>
       <TDSPARTYNAME/>
       <XBRLADJTYPE/>
       <VOUCHERFBTCATEGORY/>
       <TYPEOFTAXPAYMENT/>
       <GSTCLASS/>
       <STNOTIFICATIONNO/>
       <SCHVIADJTYPE/>
       <POSPAYMENTTYPE/>
       <ISDEEMEDPOSITIVE>Yes</ISDEEMEDPOSITIVE>
       <LEDGERFROMITEM>No</LEDGERFROMITEM>
       <REMOVEZEROENTRIES>No</REMOVEZEROENTRIES>
       <ISPARTYLEDGER>Yes</ISPARTYLEDGER>
       <ISLASTDEEMEDPOSITIVE>Yes</ISLASTDEEMEDPOSITIVE>
       <STCRADJPERCENT>0</STCRADJPERCENT>
       <ROUNDLIMIT>0</ROUNDLIMIT>
       <RATEOFADDLVAT>0</RATEOFADDLVAT>
       <RATEOFCESSONVAT>0</RATEOFCESSONVAT>
       <PREVINVTOTALNUM>0</PREVINVTOTALNUM>
       <AMOUNT>-50000.00</AMOUNT>
       <FBTEXEMPTAMOUNT/>
       <VATASSESSABLEVALUE/>
       <PREVAMOUNT/>
       <PREVINVTOTALAMT/>
       <CASHRECEIVED/>
       <DENOMINATIONCOUNT1000X>0</DENOMINATIONCOUNT1000X>
       <DENOMINATIONCOUNT500X>0</DENOMINATIONCOUNT500X>
       <DENOMINATIONCOUNT100X>0</DENOMINATIONCOUNT100X>
       <DENOMINATIONCOUNT50X>0</DENOMINATIONCOUNT50X>
       <DENOMINATIONCOUNT20X>0</DENOMINATIONCOUNT20X>
       <DENOMINATIONCOUNT10X>0</DENOMINATIONCOUNT10X>
       <DENOMINATIONCOUNT5X>0</DENOMINATIONCOUNT5X>
       <DENOMINATIONCOUNT2X>0</DENOMINATIONCOUNT2X>
       <DENOMINATIONCOUNT1X>0</DENOMINATIONCOUNT1X>
       <DENOMINATIONAMOUNTOTHERS/>
       <BANKALLOCATIONS.LIST>
        <DATE>20140401</DATE>
        <INSTRUMENTDATE>20140401</INSTRUMENTDATE>
        <INSTRUMENTRETURNDATE/>
        <NAME>eb0c237d-bd2c-401b-bde4-311eec76f640</NAME>
        <EMAIL/>
        <TRANSACTIONTYPE>Cheque/DD</TRANSACTIONTYPE>
        <MICRCODE/>
        <IFSCODE/>
        <BANKNAME/>
        <NARRATION/>
        <BANKBRANCHNAME/>
        <PAYMENTGATEWAY/>
        <ACCOUNTNUMBER/>
        <PAYMENTFAVOURING>ANCIT</PAYMENTFAVOURING>
        <TRANSACTIONNAME/>
        <ACCOUNTTYPE/>
        <DELIVERYMODE/>
        <DELIVERYTO/>
        <BANKLOCATION/>
        <CITY/>
        <PRINTLOCATION/>
        <PAYABLELOCATION/>
        <CHEQUECROSSCOMMENT/>
        <TRANSFERMODE/>
        <TRANSACTIONID/>
        <LOCALBANKCHANGES/>
        <BENEFICIARYBANKCHANGES/>
        <IMBCODE/>
        <INSTRUMENTNUMBER/>
        <UNIQUEREFERENCENUMBER>3h6vm0DptZ5oLeBS</UNIQUEREFERENCENUMBER>
        <BENEFICIARYCODE/>
        <STATUS>No</STATUS>
        <BANKERSREMARKS/>
        <CASHDENOMINATION/>
        <MERCHANTID/>
        <TERMINALID/>
        <APPROVALCODE/>
        <BATCHNUMBER/>
        <INVOICENUMBER/>
        <CARDNUMBER/>
        <BANKCODE/>
        <TIPREMARKS/>
        <PAYMENTMODE>Transacted</PAYMENTMODE>
        <SECONDARYSTATUS/>
        <BANKEMPLOYEENAME/>
        <BANKPARTYNAME>Salary</BANKPARTYNAME>
        <PYMTADVICESTATUS/>
        <BRSGROUPID/>
        <CLEARINGBANKCODE/>
        <DRAWEEBANKCODE/>
        <PRINTLOCATIONCODE/>
        <PAYABLELOCATIONCODE/>
        <ISCONNECTEDPAYMENT>No</ISCONNECTEDPAYMENT>
        <ISSPLIT>No</ISSPLIT>
        <ISCONTRACTUSED>No</ISCONTRACTUSED>
        <CHEQUEPRINTED> 1</CHEQUEPRINTED>
        <AMOUNT>-50000.00</AMOUNT>
        <TIPAMOUNT/>
        <SECAMOUNT/>
        <VOIDAMOUNT/>
        <SETTLEAMOUNT/>
        <CHEQUERANGE/>
        <EBANKINGSTATUS/>
        <OLDRECONDRAMOUNT/>
        <OLDRECONCRAMOUNT/>
        <DENOMINATIONCOUNT1000X>0</DENOMINATIONCOUNT1000X>
        <DENOMINATIONCOUNT500X>0</DENOMINATIONCOUNT500X>
        <DENOMINATIONCOUNT100X>0</DENOMINATIONCOUNT100X>
        <DENOMINATIONCOUNT50X>0</DENOMINATIONCOUNT50X>
        <DENOMINATIONCOUNT20X>0</DENOMINATIONCOUNT20X>
        <DENOMINATIONCOUNT10X>0</DENOMINATIONCOUNT10X>
        <DENOMINATIONCOUNT5X>0</DENOMINATIONCOUNT5X>
        <DENOMINATIONCOUNT2X>0</DENOMINATIONCOUNT2X>
        <DENOMINATIONCOUNT1X>0</DENOMINATIONCOUNT1X>
        <DENOMINATIONAMOUNTOTHERS/>
        <CROSSCHEQUEEDITED/>
        <CONTRACTDETAILS.LIST>        </CONTRACTDETAILS.LIST>
       </BANKALLOCATIONS.LIST>
       <BILLALLOCATIONS.LIST>       </BILLALLOCATIONS.LIST>
       <INTERESTCOLLECTION.LIST>       </INTERESTCOLLECTION.LIST>
       <OLDAUDITENTRIES.LIST>       </OLDAUDITENTRIES.LIST>
       <ACCOUNTAUDITENTRIES.LIST>       </ACCOUNTAUDITENTRIES.LIST>
       <AUDITENTRIES.LIST>       </AUDITENTRIES.LIST>
       <TAXBILLALLOCATIONS.LIST>       </TAXBILLALLOCATIONS.LIST>
       <TAXOBJECTALLOCATIONS.LIST>       </TAXOBJECTALLOCATIONS.LIST>
       <TDSEXPENSEALLOCATIONS.LIST>       </TDSEXPENSEALLOCATIONS.LIST>
       <VATSTATUTORYDETAILS.LIST>       </VATSTATUTORYDETAILS.LIST>
       <COSTTRACKALLOCATIONS.LIST>       </COSTTRACKALLOCATIONS.LIST>
      </ALLLEDGERENTRIES.LIST>
      <PAYROLLMODEOFPAYMENT.LIST>      </PAYROLLMODEOFPAYMENT.LIST>
      <ATTDRECORDS.LIST>      </ATTDRECORDS.LIST>
     </VOUCHER>
    </TALLYMESSAGE>
   </REQUESTDATA>
  </IMPORTDATA>
 </BODY>
</ENVELOPE>
