<?xml version="1.0" encoding="UTF-8"?>
<ENVELOPE>
	<HEADER>
		<TALLYREQUEST>Import Data</TALLYREQUEST>
	</HEADER>
	<BODY>
		<IMPORTDATA>
			<REQUESTDESC>
				<REPORTNAME>Vouchers</REPORTNAME>
			</REQUESTDESC>
			<REQUESTDATA>
				<TALLYMESSAGE xmlns:UDF="TallyUDF">
					<VOUCHER VCHTYPE="Payment" ACTION="Create">
						<VOUCHERTYPENAME>Payment</VOUCHERTYPENAME>
						<DATE>02010105</DATE>
						<EFFECTIVEDATE>02010105</EFFECTIVEDATE>
						<PARTYLEDGERNAME> Bank Charges</PARTYLEDGERNAME>
						<NARRATION>
							Transaction with SB6104625 was performed on 05-02-2013for Tran
							Charges Jan-13
							</NARRATION>
							<ALLLEDGERENTRIES.LIST>
								<LEDGERNAME>Icici 2592</LEDGERNAME>
								<ISDEEMEDPOSITIVE>Yes</ISDEEMEDPOSITIVE>
								<AMOUNT>-28.09</AMOUNT>
							</ALLLEDGERENTRIES.LIST>
							<ALLLEDGERENTRIES.LIST>
								<LEDGERNAME> Bank Charges</LEDGERNAME>
								<ISDEEMEDPOSITIVE>No</ISDEEMEDPOSITIVE>
								<AMOUNT>28.09</AMOUNT>
							</ALLLEDGERENTRIES.LIST>
					</VOUCHER>
				</TALLYMESSAGE>
			</REQUESTDATA>
		</IMPORTDATA>
	</BODY>
</ENVELOPE>